<record><leader>00000cas a22000007a 4500</leader><controlfield tag="001">26714802</controlfield><controlfield tag="008">921002d19521953ctuwr ne      0    0eng d</controlfield><datafield ind1=" " ind2=" " tag="010"><subfield code="a">sn 92051436 </subfield></datafield><datafield ind1=" " ind2=" " tag="040"><subfield code="a">CNW</subfield><subfield code="b">eng</subfield><subfield code="c">CNW</subfield><subfield code="d">OCLCQ</subfield></datafield><datafield ind1=" " ind2=" " tag="042"><subfield code="a">msc</subfield></datafield><datafield ind1="0" ind2="0" tag="245"><subfield code="a">Good turn daily.</subfield></datafield><datafield ind1=" " ind2=" " tag="260"><subfield code="a">Kent, Conn. :</subfield><subfield code="b">Boy Scouts [of Kent, Conn.]</subfield></datafield><datafield ind1=" " ind2=" " tag="300"><subfield code="a">v.</subfield></datafield><datafield ind1=" " ind2=" " tag="310"><subfield code="a">Weekly</subfield></datafield><datafield ind1="0" ind2=" " tag="362"><subfield code="a">Vol. 1, no. 1 (Jan. 10, 1952)-v. 2, no. 29 (July 23, 1953).</subfield></datafield><datafield ind1=" " ind2="4" tag="651"><subfield code="a">Kent (Conn.)</subfield><subfield code="v">Newspapers.</subfield></datafield><datafield ind1=" " ind2=" " tag="752"><subfield code="a">United States</subfield><subfield code="b">Connecticut</subfield><subfield code="c">Litchfield</subfield><subfield code="d">Kent.</subfield></datafield><datafield ind1="0" ind2="0" tag="785"><subfield code="t">Kent G.T.D.</subfield><subfield code="w">(DLC)sn 92051437</subfield></datafield><datafield ind1="1" ind2=" " tag="029"><subfield code="a">AU@</subfield><subfield code="b">000020741178</subfield></datafield></record>